@online{id2,
    title = {Build Your First Android App in Java},
    url = {https://developer.android.com/codelabs/build-your-first-android-app#0},
}
@online{id1,
    title = {Github repository},
    url = {https://github.com/patriciadiana/terra-tech},
}

