@online{id8,
    title = {1 Channel 5V Optical Isolated Relay Module},
    url = {https://handsontec.com/dataspecs/relay/1Ch-relay.pdf},
}
@online{id7,
    title = {Submersible 3V DC Water Pump with 1 Meter Wire - Horizontal Type},
    url = {https://www.adafruit.com/product/4546},
}
@online{id6,
    title = {How Does a Soil Moisture Sensor Work and How to use it with Arduino?},
    url = {https://circuitdigest.com/microcontroller-projects/interfacing-soil-moisture-sensor-with-arduino-uno},
}
@online{id5,
    title = {DHT11â€“Temperature and Humidity Sensor},
    url = {https://components101.com/sensors/dht11-temperature-sensor},
}
@online{id4,
    title = {Temperature and Humidity Module
DHT11 Product Manual},
    url = {https://components101.com/sites/default/files/component_datasheet/DFR0067%20DHT11%20Datasheet.pdf},
}
@online{id3,
    title = {Arm Cortex-A53 MPCore Processor Technical Reference Manual},
    url = {https://developer.arm.com/documentation/ddi0500/latest/},
}
@online{id2,
    title = {Processors},
    url = {https://www.raspberrypi.com/documentation/computers/processors.html},
}
@online{id1,
    title = {Raspberry Pi hardware},
    url = {https://www.raspberrypi.com/documentation/computers/raspberry-pi.html},
}

